@booklet{aufgabenstellung,
    author = {Daniel Jossen},
    title = {21HS-IMVS38: Peer-to-Peer Kommunikation für Sprachübertragung in einem Praxisrufsystem},
    year = 2021
}
